@Article{Armour_2018,
  doi = {10.1257/pandp.20181045},
  url = {https://doi.org/10.1257/pandp.20181045},
  year = {2018},
  publisher = {American Economic Association},
  volume = {108},
  pages = {262--66},
  author = {Phillip Armour and Patrick Button and Simon Hollands},
  title = {Disability Saliency and Discrimination in Hiring},
  journal = {{AEA} Papers and Proceedings},
}
